<record><leader>00000cas a2200000 a 4500</leader><controlfield tag="001">51237536</controlfield><controlfield tag="008">021217d19761982iluwr ne      0    0eng c</controlfield><datafield ind1=" " ind2=" " tag="010"><subfield code="a">sn2002060792</subfield></datafield><datafield ind1=" " ind2=" " tag="040"><subfield code="a">CVF</subfield><subfield code="b">eng</subfield><subfield code="c">CVF</subfield><subfield code="d">NVF</subfield><subfield code="d">OCLCQ</subfield><subfield code="d">OCLCF</subfield><subfield code="d">OCLCO</subfield></datafield><datafield ind1="1" ind2=" " tag="029"><subfield code="a">AU@</subfield><subfield code="b">000024328114</subfield></datafield><datafield ind1=" " ind2=" " tag="042"><subfield code="a">pcc</subfield></datafield><datafield ind1=" " ind2=" " tag="043"><subfield code="a">n-us-il</subfield></datafield><datafield ind1="0" ind2=" " tag="130"><subfield code="a">Examiner (Winfield, Ill.)</subfield></datafield><datafield ind1="1" ind2="4" tag="245"><subfield code="a">The examiner.</subfield></datafield><datafield ind1=" " ind2=" " tag="260"><subfield code="a">Winfield, Ill. :</subfield><subfield code="b">The Examiner,</subfield><subfield code="c">1976-1982.</subfield></datafield><datafield ind1=" " ind2=" " tag="300"><subfield code="a">v.</subfield></datafield><datafield ind1=" " ind2=" " tag="310"><subfield code="a">Weekly</subfield></datafield><datafield ind1="0" ind2=" " tag="362"><subfield code="a">Vol. 28, no. 26 (June 16, 1976)-v. 35, no. 28 (July 14, 1982).</subfield></datafield><datafield ind1=" " ind2="0" tag="651"><subfield code="a">Winfield (Ill.)</subfield><subfield code="v">Newspapers.</subfield></datafield><datafield ind1=" " ind2="0" tag="651"><subfield code="a">West Chicago (Ill.)</subfield><subfield code="v">Newspapers.</subfield></datafield><datafield ind1=" " ind2="0" tag="651"><subfield code="a">Warrenville (Ill.)</subfield><subfield code="v">Newspapers.</subfield></datafield><datafield ind1=" " ind2="7" tag="655"><subfield code="a">Newspapers.</subfield><subfield code="2">fast</subfield><subfield code="0">(OCoLC)fst01423814</subfield></datafield><datafield ind1=" " ind2="7" tag="651"><subfield code="a">Illinois</subfield><subfield code="z">Warrenville.</subfield><subfield code="2">fast</subfield><subfield code="0">(OCoLC)fst01225228</subfield></datafield><datafield ind1=" " ind2="7" tag="651"><subfield code="a">Illinois</subfield><subfield code="z">West Chicago.</subfield><subfield code="2">fast</subfield><subfield code="0">(OCoLC)fst01217878</subfield></datafield><datafield ind1=" " ind2="7" tag="651"><subfield code="a">Illinois</subfield><subfield code="z">Winfield.</subfield><subfield code="2">fast</subfield><subfield code="0">(OCoLC)fst01205240</subfield></datafield><datafield ind1=" " ind2=" " tag="752"><subfield code="a">United States</subfield><subfield code="b">Illinois</subfield><subfield code="c">DuPage</subfield><subfield code="d">Winfield.</subfield></datafield><datafield ind1="0" ind2="0" tag="780"><subfield code="t">Winfield glimpses</subfield><subfield code="w">(DLC)sn2001061211</subfield><subfield code="w">(OCoLC)45955241</subfield></datafield><datafield ind1="0" ind2="0" tag="785"><subfield code="t">Winfield examiner</subfield><subfield code="w">(DLC)sn2002060793</subfield><subfield code="w">(OCoLC)51238532</subfield></datafield></record>